{1:F01ASDFQQQQAXXX0103027010}{2:O9502015150713ASDFQQQQAXXX91266335941507132015N}{3:{108:55094429070-07-G}}{4:
:20:55094429070-0713
:25:999-55.094.429
:28C:00135/00001
:60F:C150710USD2470123,19
:61:150713D5015,50S103166220054//ASW63289/130715
:61:150713C6600,S1036CP1252885621602//ASW57917/100715
:62M:C150713USD9999999,99
-}